<?xml version="1.0" encoding="UTF-8"?><collection xmlns="http://www.loc.gov/MARC21/slim"><record><leader>00462nam--2200157-i-4500</leader><controlfield tag="001">000029852</controlfield><controlfield tag="002">20161230</controlfield><controlfield tag="005">20170129230442</controlfield><controlfield tag="008">060222s1000------------r-----000-0-eng-d</controlfield><datafield ind1=" " ind2=" " tag="100"><subfield code="a">Lowan, Arnold N</subfield></datafield><datafield ind1=" " ind2=" " tag="245"><subfield code="a">Coefficients for interpolation within a square grid in the complex plane</subfield></datafield><datafield ind1=" " ind2=" " tag="260"><subfield code="a">[New York]</subfield><subfield code="c">1944</subfield></datafield><datafield ind1=" " ind2=" " tag="490"><subfield code="a">Reprinted From Journal Of Mathematics And Physics</subfield></datafield><datafield ind1=" " ind2=" " tag="700"><subfield code="a">Salzer, Herbert E</subfield></datafield><datafield ind1=" " ind2=" " tag="852"><subfield code="a">1694</subfield></datafield><datafield ind1=" " ind2=" " tag="CAT"><subfield code="a">SYS</subfield><subfield code="c">20170129</subfield><subfield code="h">230442</subfield></datafield></record></collection>